@online{monopoly_rules,
  title = {Monopoly Official Rules},
  url = {https://www.hasbro.com/common/instruct/monins.pdf},
  author = {Parker Brothers}
}
@misc{wiki:monopoly,
   author = "Wikipedia",
   title = "Monopoly (game) --- {W}ikipedia{,} The Free Encyclopedia",
   year = "2017",
   url = "https://en.wikipedia.org/wiki/Monopoly_(game)#Rules",
   note = "[Online; accessed 15-May-2017]"
}
@misc{mit_course_notes,
  author = {Li, Jing and Gymrek, Melissa},
  title = {Markov and Mr. Monopoly Make Millions},
  url = {http://web.mit.edu/sp.268/www/2010/probability_and_monopoly.pdf},
  year = {2010}
}
@misc{wiki:monopolyRules,
   author = "Wikibooks",
   title = "Monopoly/Official Rules --- Wikibooks{,} The Free Textbook Project",
   year = "2017",
   url = "https://en.wikibooks.org/w/index.php?title=Monopoly/Official_Rules&oldid=3235775",
note = "[Online; accessed 19-June-2017]"
}
@online{monopolyChestCards,
 title = {Monopoly Community Chest cards},
 url = {http://monopoly.wikia.com/wiki/Community_Chest#},
 author = {Monopoly Wikia}
}
@online{monopolyChanceCards,
 title = {Monopoly Chance cards},
 url = {http://monopoly.wikia.com/wiki/Chance},
 author = {Monopoly Wikia}
}
 

